@book{macejko_dipl,
  author =       "Peter Macejko",
  title =        {{XML} {B}ased {N}etwork {M}anagement},
  type=			"Diplomová práce",
  publisher =    {České vysoké učení technické v Praze, Fakulta elektrotechnická},
  address =      {Praha},
  year =         2006,
}


@misc{cisco_snmp, 
	author	=	"",
	title	=	{Internetworking {T}echnology {H}andbook - {S}imple {N}etwork {M}anagement {P}rotocol}, 
	howpublished	=	"Cisco, Inc., \\ http://www.cisco.com/en/US/docs/internetworking/technology/handbook/SNMP.html",
}

@misc{tcpip_snmp, 
	author	=	"Charles M. Kozierok",
	title	=	{{TCP/IP} {S}imple {N}etwork {M}anagement {P}rotocol {O}verview}, 
	howpublished	=	"http://www.tcpipguide.com/free/\\t\_TCPIPSimpleNetworkManagementProtocolSNMPProtocol.htm",
}

@book{rfc1155, 
	author	=	"Marshall Rose, Keith McCloghrie",
	title	=	{{S}tructure and {I}dentification of {M}anagement {I}nformation for {TCP/IP}-based {I}nternets}, 
	publisher	=	"RFC1155, IETF",
	year		=	1990,
}

@book{rfc2570, 
	author	=	"J. Case and R. Mundy and D. Partain and Bob Stewart",
	title	=	{Introduction to {V}ersion 3 of the {I}nternet-standard {N}etwork {M}anagement {F}ramework}, 
	publisher	=	"RFC2570, IETF",
	year		=	1999,
}

@misc{xerces,
	author	=	"",
	title	=	"Apache {X}erces. {K}nihovna pro manipulaci s {XML} dokumenty v jazyce {C}++",
	howpublished	=	"The Apache Software Foundation, http://xerces.apache.org/",
}

@misc{xalan,
	author	=	"",
	title	=	"Apache {X}alan. {K}nihovna pro vyhledávání v {XML} dokumentech v jazyce {C}++",
	howpublished	=	"The Apache Software Foundation, http://xalan.apache.org/",
}

@misc{net_snmp,
	author	=	"",
	title	=	"Net-{SNMP}. {K}nihovna pro práci s protokolem {SNMP} v jazyce {C}++",
	howpublished	=	"http://www.net-snmp.org/",
}

@misc{libmicrohttpd,
	author	=	"Christian Grothoff",
	title	=	"{GNU} libmicrohttpd. {C}++ {HTTP} server",
	howpublished	=	"http://www.gnu.org/software/libmicrohttpd/",
}

@misc{libcurl,
	author	=	"",
	title	=	"c{URL}. {C}++ knihovna pro práci s protokolem {HTTP}",
	howpublished	=	"http://curl.haxx.se/",
}

@misc{argtable,
	author	=	"Stewart Heitmann",
	title	=	"{ANSI C} command line parser",
	howpublished	=	"http://argtable.sourceforge.net/",
}
