@Book{macejko_dipl,
  author =       {Ing. Peter Macejko},
  title =        {XML SNMP protocol},
  publisher =    {CVUT},
  volume =       1,
  address =      {Oval Road, London, UK},
  edition =      {4th},
  year =         2006,
}

